2842 4800
680 64 719 124 16

208 222 369 307 Exempla
393 229 540 289 veterum
561 225 615 290 hie
637 225 742 290 denuo
765 178 881 290 afferre
904 230 956 290 est
975 225 1120 310 longum.
1143 263 1184 270 .„

209 323 380 389 Hactenus
410 345 510 407 quum
533 325 572 390 de
600 327 783 394 enuntiatis
804 323 985 398 ἅσυνδέτως
1007 326 1125 410 positis
1148 327 1307 394 disserue-

109 423 230 504 rimus,
265 423 412 489 breviter
432 424 534 491 liceat
557 426 690 511 singula
711 425 814 491 verba
835 425 897 491 hoc
919 426 1013 491 modo
1036 447 1138 491 unum
1160 428 1203 492 ad
1226 429 1306 494 alte·

108 545 182 587 rum
204 522 335 607 adjecta
357 529 512 590 tractare.
541 525 574 590 A
595 527 764 592 veteribus
787 525 971 592 afferuntur
992 527 1215 610 substantiva,
1237 551 1307 612 pro-

109 624 242 688 nomina
263 621 446 706 (Plutarch.
468 621 582 704 ἄλλος,
605 621 704 700 ἄλλος
727 626 765 692 Π.
788 622 842 707 18,
861 625 952 710 636),
985 628 1178 712 participia,
1209 650 1307 695 enun-

109 724 197 789 tiata
227 723 421 790 secundaria
452 727 552 791 sicuti
579 727 792 800 substantiva
822 734 1014 806 enumerata
1042 727 1141 812 (apud
1161 728 1308 795 Rufinia-

108 845 203 888 num:
228 824 367 908 denique
390 825 470 910 quid
490 849 607 913 vesper
628 850 720 894 serus
740 829 850 910 vehat,
873 828 960 893 unde
982 850 1115 894 serenas
1144 828 1148 911 Ι
1176 828 1306 895 Ventus

109 931 190 1009 agat
211 925 333 1009 nubes,
369 925 448 1009 quid
470 929 596 1012 cogitet
617 929 771 994 humidus
799 928 942 1010 Auster,
989 928 994 1011 Ι
1045 927 1103 996 Sol
1124 929 1187 997 tibi
1209 929 1304 1014 sigua

109 1023 223 1101 dabit.)
266 1023 380 1111 (Verg.
403 1019 523 1114 Georg.
544 1028 576 1110 I,
597 1036 656 1093 461
680 1027 765 1113 sqq.)

207 1124 321 1210 Atque
343 1128 485 1211 primum
507 1128 637 1212 quidam
658 1129 856 1195 monendum
878 1134 1026 1212 estnon
1048 1130 1234 1212 ubicunque
1255 1135 1304 1195 ta-

107 1226 155 1291 ]ia
176 1226 278 1292 verba
299 1228 371 1293 sine
393 1229 520 1313 copulis
543 1236 789 1310 enumerantur,
810 1251 880 1294 esse
903 1229 1085 1295 orationem
1108 1235 1306 1296 commotam

108 1326 215 1392 veluti
242 1329 330 1411 apud
358 1329 575 1396 Aristotelem
603 1331 686 1396 rhet.
707 1330 741 1414 I,
765 1337 792 1397 1.
813 1352 843 1414 p.
867 1335 948 1395 1355
969 1329 1000 1394 b.
1022 1328 1120 1393 τοῦτο’
1143 1350 1177 1408 γε
1197 1330 1308 1392 κοινόν

108 1426 177 1488 duct
197 1425 281 1489 nacci
302 1432 438 1493 πάντων
459 1429 526 1491 τῶν
548 1427 687 1511 ἀγαθῶν
708 1428 796 1515 πλὴν
817 1426 949 1516 ἀρετῆς,
981 1428 1036 1491 καὶ
1057 1427 1198 1509 μάλιστα
1220 1427 1307 1489 aava

107 1525 173 1613 τῶν
193 1532 466 1610 χρησιμωτάτων,
496 1519 565 1592 ὀἷόν
588 1526 696 1609 ἰσχύος
716 1527 835 1611 ὑγιείας
855 1527 1001 1592 πλούτου
1023 1532 1232 1612 στρατηγίας,
1254 1549 1308 1594 ne·

107 1648 169 1710 que
200 1628 380 1721 quisquam·
405 1629 554 1713 epitheta
587 1651 670 1714 quae
700 1630 855 1694 dicuntur
887 1629 1040 1695 ornantia
1076 1628 1146 1692 siue
1178 1628 1306 1712 copulis

108 1727 561 1810 66666661166116666661661
583 1731 726 1796 orationi
748 1752 819 1796 esse
839 1730 974 1815 'propria
996 1727 1185 1794 contendat.

105 1913 108 1916 ἢ
209 1826 274 1894 Sed
294 1828 345 1894 ita
366 1830 434 1894 fere
456 1851 491 1895 se
512 1852 566 1896 res
587 1831 698 1896 habet.
730 1830 771 1896 In
793 1830 928 1916 vulgari
946 1827 1076 1894 dicendi
1097 1848 1225 1913 genere,
1247 1828 1306 1893 ubi

109 1929 291 2012 complures
312 1940 365 1995 res
388 1937 593 2015 enarrantur,
616 1931 723 1998 solent
737 1929 931 2016 particulae
953 1929 1065 1995 omitti
1086 1929 1174 1992 inter
1194 1928 1305 2011 priora

109 2027 264 2110 membra,
285 2035 488 2114 postremum
510 2032 643 2097 adnecti
664 2031 848 2115 particula,
876 2031 964 2095 inter
992 2028 1055 2094 duo
1081 2029 1187 2114 igitur
1208 2050 1305 2093 mem·

107 2129 169 2193 bra
191 2128 262 2194 sola
284 2130 402 2214 copula
423 2131 616 2216 plerumque
638 2133 781 2216 ponitur.
824 2129 909 2195 Illae
932 2131 1019 2195 enim
1040 2130 1225 2214 particulae
1248 2130 1305 2193 mi·

108 2230 195 2293 nime
217 2231 421 2296 necessariae
442 2238 520 2298 sunt
543 2254 643 2316 quum
664 2230 822 2298 facillime
838 2229 1064 2315 suppleantur,
1087 2229 1203 2294 deinde
1217 2250 1305 2311 vero,

109 2331 137 2394 si
158 2331 380 2396 insererentur
401 2350 466 2398 non
487 2332 559 2399 dico
580 2334 790 2400 retardarent
811 2335 1038 2399 vehementem
1059 2332 1225 2416 vigorem,
1247 2330 1305 2394 sed

107 2432 227 2498 leniter
247 2432 405 2499 fluentem
427 2455 607 2501 sermonem
631 2440 814 2500 onerarent.
867 2433 935 2499 Ubi
963 2439 1075 2498 tamen
1104 2432 1305 2514 inseruntur,

108 2535 257 2600 nascitur
277 2534 394 2619 figura,
417 2556 501 2618 quae
522 2532 560 2598 ad
581 2532 820 2598 πολυσύνδετον
843 2534 951 2618 σχῆμα
973 2539 1121 2598 vocatur.
1152 2531 1304 2614 Denique

108 2656 185 2700 vero
207 2635 399 2718 particulis,
421 2655 505 2718 quae
527 2633 625 2700 facile
648 2633 825 2719 cogitando
851 2635 1058 2718 supplemus,
1085 2632 1215 2698 omissis
1236 2654 1304 2697 ora·

108 2737 156 2801 tio
178 2736 217 2802 fit
239 2734 379 2801 alacrior
400 2741 434 2801 et
455 2736 643 2818 venustior,
665 2735 798 2821 singula
819 2755 896 2800 vero
920 2734 1066 2806 membra
1088 2733 1173 2799 nude
1194 2733 1304 2817 posita

107 2834 319 2902 inculcantur
340 2840 374 2901 et
390 2836 499 2900 animo
513 2835 703 2916 inhaerent3
726 2835 852 2920 copulis
874 2836 997 2918 ubique
1017 2834 1174 2898 immissis
1197 2834 1303 2900 oratio

108 2938 147 3002 fit
168 2935 303 3022 grandis
324 2941 359 3001 et
381 2937 543 3022 gravis1)
566 2937 616 3002 De
638 2960 772 3003 numero
791 2937 1009 3002 membrorum
1019 2935 1304 3020 Naegelsbachius

107 3039 142 3103 in
166 3058 232 3102 exc.
256 3036 295 3101 de
317 3043 402 3121 part.
424 3038 539 3123 asynd.
561 3061 635 3125 pag.
660 3046 719 3104 289
742 3060 789 3123 sq.
820 3039 869 3103 sic
890 3039 957 3102 fere
980 3037 1139 3120 disputat.
1181 3035 1240 3120 „Si
1262 3035 1304 3101 ad

108 3137 250 3222 primum
270 3137 452 3203 membrum
473 3138 616 3205 alterurn
637 3161 696 3223 per
717 3140 870 3224 copulam
900 3138 1060 3224 adjungo,
1098 3137 1303 3220 exspectatio

109 3240 212 3306 animi
234 3255 318 3326 quse
339 3240 375 3305 in
398 3240 515 3324 quavis
537 3240 783 3308 enumeratione
805 3242 970 3324 nascitur,
1002 3241 1171 3325 expletur,
1192 3240 1242 3305 ita
1264 3244 1303 3304 ut

107 3341 370 3425 inquietudinem
400 3343 531 3426 requies
552 3343 707 3427 excipiat
764 3341 802 3408 Si
825 3342 943 3428 copula
972 3342 1161 3425 omittitur,
1193 3340 1304 3427 pergis
1349 3418 1350 3422 Ἰ

108 3565 167 3633 482.
184 3575 229 3642 (do
246 3575 332 3649 Lysia
345 3573 430 3647 judio.
447 3591 506 3646 cap.
525 3574 577 3645 13.)
602 3578 687 3644 ὑψηλή
715 3580 744 3628 δὲ
762 3581 802 3627 καὶ
819 3580 1016 3643 μεγαλοπρεπής
1033 3579 1079 3629 οὔκ
1098 3580 1166 3628 ἔστιν
1183 3577 1199 3640 ἦ
1216 3582 1249 3628 Λ.
1267 3579 1305 3626 λε’·

110 3665 154 3724 ξις,
172 3664 234 3714 oddo*
252 3663 437 3727 καταπληκτική
454 3665 490 3724 μοὶ
508 3667 554 3714 Δία
572 3667 612 3714 καὶ
628 3665 770 3730 θαυμαστή,
788 3663 848 3714 crido*
865 3665 894 3713 td
913 3664 1018 3723 πικρὸν,
1052 3663 1113 3726 dud
1132 3663 1225 3722 desuda,
1240 3663 1258 3724 ἢ
1274 3649 1307 3710 ω’

110 3750 220 3816 φοβερὸν
230 3750 403 3814 1ἐπιφαίνουσα
420 3749 472 3798 κτλ.
491 3749 517 3800 ct
533 3745 662 3816 Hermog.
683 3763 727 3818 ap.
752 3745 841 3802 Wulz.
859 3745 920 3814 ΠΙ,
937 3762 999 3818 pag.
1023 3743 1082 3799 381.
1105 3753 1140 3811 τῷ
1157 3747 1206 3808 μὲν
1223 3750 1306 3812 Λυσίᾳ

110 3837 162 3885 κτλ.
179 3837 331 3901 γοργότητος
350 3835 384 3892 ὥς
397 3835 529 3901 ἐλάχιστον
545 3831 652 3899 lineata)
670 3834 776 3904 praeter
793 3830 870 3884 illum
887 3830 984 3898 locum,
1003 3830 1048 3902 qui
1066 3846 1098 3884 ex
1115 3828 1236 3884 Oratione
1252 3829 1306 3882 fra·

109 3919 159 3973 tris
176 3916 324 3973 ulciscendi
343 3934 422 3972 causa
440 3916 548 3984 habita,
567 3934 646 3988 quam
665 3924 736 3972 certe
753 3913 938 3968 vehementior
953 3913 1044 3967 fervor
1062 3911 1179 3979 decebat,
1199 3912 1306 3983 decerp-

82 4030 85 4036 ·
109 4006 152 4057 tus
172 4005 220 4070 est,
238 4002 305 4057 talia
322 4000 462 4072 asyndsta,
481 4001 505 4054 si
522 4007 593 4056 recte
605 3998 756 4065 observavi,
773 4013 904 4067 nusquam
921 3994 1098 4067 reperiuntur.

213 4085 234 4150 ¹)
253 4085 287 4139 of.
305 4085 401 4153 Blass,
429 4083 527 4141 Gcsch.
551 4082 577 4139 d.
602 4088 649 4139 att.
672 4079 882 4138 Bcrcdsamkeit.
916 4079 1083 4151 Liparaea.
1111 4080 1134 4135 Ι.
1160 4096 1224 4152 pag.
1239 4079 1305 4158 406ε

37 4186 43 4194 ·
111 4169 184 4237 „Das
207 4168 411 4240 Polysyndeton
438 4168 530 4222 macht
548 4166 632 4223 durch
657 4166 700 4221 dis
717 4163 913 4236 ausgedriickte
930 4163 1062 4234 Htufung
1086 4161 1306 4218 (11616666πῆ6-

110 4250 445 4408 Lliepprlpnprlriihgpossartig,
464 4249 511 4307 das
529 4250 690 4324 Asyndeton
708 4248 792 4303 durch
819 4246 861 4301 die
880 4246 1100 4319 Zerschnsidung
1124 4247 1230 4319 harag
1248 4246 1304 4300 und
