2842 4800
750 150 789 217 18

171 318 380 407 exponendae
401 318 597 403 inserviunt,
620 321 774 406 graviora
784 327 872 403 sunt,
884 323 1047 388 artissime
1069 321 1156 389 inter
1178 345 1213 389 se
1235 328 1269 390 et
1292 345 1367 390 oum

170 421 381 488 substantivo
403 422 589 503 cohaerent,
610 421 739 499 nullum
761 422 831 485 sine
848 423 953 487 totius
966 425 1151 489 sententiae
1168 423 1366 491 detrimento

170 523 276 606 possis
298 520 436 587 demere.
487 519 597 596 Quare
627 521 709 586 haeo
730 521 906 605 particulis
934 524 1188 608 conjunguntur.
1242 524 1368 590 Eadem

169 643 247 688 vero
261 621 300 686 de
312 642 412 687 eausa
427 621 595 707 adjectiva
608 621 835 704 praedicativa
849 643 914 686 non
925 644 983 706 per
995 623 1178 706 asyndeton
1189 632 1367 707 ponuntur.

271 721 411 807 Saepius
434 721 550 786 deinde
572 721 740 808 adjectiva
762 721 941 805 quaedam,
973 743 1056 805 quae
1077 724 1145 787 vim
1167 726 1368 789 contrariam

169 821 294 887 habent
326 842 428 886 unum
456 821 555 886 alteri
587 822 657 886 sine
686 821 854 906 particula
883 823 1003 906 opponi
1039 823 1081 888 ad
1115 823 1368 890 similitudinem

170 921 464 1003 substantivorum,
489 921 572 986 satis
595 927 710 988 notum
733 928 792 986 est.

268 1021 453 1105 Partioipia
473 1021 628 1086 similiter
648 1026 852 1105 usurpantur
879 1027 981 1106 atque
1004 1022 1180 1107 adjectiva.
1225 1022 1368 1109 Singula

170 1127 324 1187 aeourate
347 1121 498 1206 exposita
514 1122 700 1186 invenimus
714 1122 749 1186 in
765 1121 1022 1207 Naegelsbaohii
1039 1143 1178 1188 excursu
1194 1121 1229 1204 (1.
1246 1143 1271 1188 ο.
1290 1145 1368 1210 pag.

171 1220 371 1306 nso-294.)

271 1321 364 1398 Quae
386 1327 534 1402 restant,
556 1320 714 1386 adverbia
736 1327 770 1388 et
791 1321 965 1401 infinitivi,
987 1322 1045 1386 vix
1066 1321 1170 1387 ullam
1193 1323 1367 1389 difficulta-

170 1430 238 1491 tem
259 1423 428 1508 praebent.

270 1522 390 1605 Omnia
408 1543 486 1588 vero
508 1522 590 1586 haee
610 1521 722 1601 verba,
744 1514 965 1601 substantiva,
988 1523 1164 1606 adjectiva,
1180 1521 1362 1606 partieipia,

171 1624 336 1705 adverbia,
344 1623 512 1703 infinitivi,
526 1622 669 1687 etiamin
678 1626 840 1687 commota
848 1622 996 1686 oratione
1012 1618 1193 1694 α’σοαδεόως
1201 1627 1367 1706 ponuntur

171 1725 211 1790 of.
232 1723 389 1808 Aeschyl.
412 1723 520 1788 Prom.
543 1730 613 1788 687.
627 1720 654 1802 ¹)
697 1721 736 1782 ἔα
757 1719 808 1799 ἔοι,
830 1714 952 1800 ἄπεχε,
974 1719 1053 1802 φεῦ*
1080 1719 1084 1801 Ι
1112 1715 1228 1785 οὔποτ’
1250 1714 1367 1782 οὔποτ’

169 1845 288 1911 ηοχοον
306 1827 312 1906 Ι
330 1825 441 1897 ξένους
462 1821 638 1903 μολεῖσθαι
659 1821 771 1901 λόγους
793 1815 837 1892 εἰς
858 1817 964 1881 οἱκοοὶν
985 1818 1080 1899 ἐμοὶν,
1101 1819 1106 1902 Ι
1125 1817 1193 1882 οὐδ’
1215 1805 1278 1881 aide
1299 1817 1370 1892 δος-

170 1925 280 1984 »θέατα
301 1921 356 1984 καὶ
377 1921 527 1996 <togorma
545 1921 552 2006 t
570 1923 760 2006 πήματα,
783 1917 969 1999 λύματα,
992 1918 1150 2000 δείματ’
1172 1915 1257 1998 ἐμοὶν
1283 1915 1370 2000 {aa

170 2025 268 2104 φάκει
287 2027 408 2103 κέντρῳ
430 2022 550 2106 ψήξειν
571 2023 700 2104 ψυχάν·
723 2020 779 2103 qui
799 2019 901 2100 loeus,
923 2024 963 2084 ut
985 2024 1019 2084 et
1041 2019 1208 2083 sententia
1230 2023 1264 2083 et
1286 2037 1370 2082 oom-

171 2121 334 2205 positione
355 2122 495 2188 metrioa
517 2121 678 2200 doeemur,
700 2138 798 2203 quam
820 2119 961 2182 maxime
984 2119 1186 2184 concitatum
1208 2117 1370 2184 orationis

173 2238 303 2285 eorsum
324 2219 471 2305 praebet.

273 2486 294 2553 ¹)
312 2485 413 2542 Versus
431 2484 599 2557 Aeschyleos
618 2484 700 2539 citari
718 2482 891 2539 exDindorfii
909 2485 1047 2553 poetarum
1066 2480 1232 2535 scenicorum
1250 2482 1368 2537 editione

173 2570 268 2641 quinta
285 2591 318 2614 =
334 2568 435 2623 Aesoh.
452 2567 506 2628 fob,
526 2584 584 2640 sup.
602 2572 628 2622 et
645 2566 719 2640 perd.
736 2568 770 2622 fr.
789 2583 821 2620 ex
838 2582 891 2626 rea.
904 2562 937 2620 G.
955 2564 989 2618 D.
1007 2564 1082 2637 Lips.
1099 2561 1325 2620 MDCOCLXIX.
